% This file was created with JabRef 2.10.
% Encoding: UTF8


@Article{dolson,
  Title                    = {The phase vocoder: A tutorial},
  Author                   = {Dolson, Mark},
  Journal                  = {Computer Music Journal},
  Year                     = {1986},
  Number                   = {4},
  Pages                    = {14--27},
  Volume                   = {10},

  Publisher                = {JSTOR}
}

@Misc{VoiceBox,
  Title                    = {Vocal Harmony Machine/Vocoder},

  Author                   = {EHX.com},
  HowPublished             = {http://www.ehx.com/products/voice-box},

  Url                      = {http://www.ehx.com/products/voice-box}
}

@Misc{Hadhazy_2010,
  Title                    = {What's Auto-Tune and How Does it Work?},

  Author                   = {Adam Hadhazy},
  HowPublished             = {http://www.livescience.com/11046-auto-tune-work.html},
  Month                    = {September},
  Year                     = {2010},

  Url                      = {http://www.livescience.com/11046-auto-tune-work.html}
}

@Misc{Mimu,
  Title                    = {Mi.Mu Gloves},

  Author                   = {Imogen Heap AND Thomas Mitchell AND Kelly Snook AND Seb Madgwick AND Hannah Perner-Wilson AND Adam Stark AND Rachel Freire AND Chagall Van Den Berg},
  HowPublished             = {http://mimugloves.com/},
  Year                     = {2015},

  Url                      = {http://mimugloves.com/}
}

@Misc{Vocoder_00,
  Title                    = {Introduction to Vocoders},

  Author                   = {Innovativesynthesis.com},
  HowPublished             = {http://www.innovativesynthesis.com/introduction-to-vocoders/},

  Url                      = {http://www.innovativesynthesis.com/introduction-to-vocoders/}
}

@Misc{Katjaas_00,
  Title                    = {Pitch Shifting},

  Author                   = {Katjaas.nl},
  HowPublished             = {http://www.katjaas.nl/pitchshift/pitchshift.html},

  Url                      = {http://www.katjaas.nl/pitchshift/pitchshift.html}
}

@Misc{Loeffler_2014,
  Title                    = {A Brief History of Time-Based Effects (Part 1)},

  Author                   = {Chris Loeffler},
  HowPublished             = {http://www.harmonycentral.com/articles/exploring-time-based-effects},
  Month                    = {September},
  Year                     = {2014},

  Url                      = {http://www.harmonycentral.com/articles/exploring-time-based-effects}
}

@Misc{Redmon_1997,
  Title                    = {A bit about reverb},

  Author                   = {Nigel Redmon},
  HowPublished             = {http://www.earlevel.com/main/1997/01/19/a-bit-about-reverb/},
  Month                    = {January},
  Year                     = {1997},

  Url                      = {http://www.earlevel.com/main/1997/01/19/a-bit-about-reverb/}
}

@Misc{TC,
  Title                    = {Perform V},

  Author                   = {TC-Helicon.com},
  HowPublished             = {http://www.tc-helicon.com/en/products/perform-v/},

  Url                      = {http://www.tc-helicon.com/en/products/perform-v/}
}

